<?xml version="1.0" encoding="UTF-8"?><collection xmlns="http://www.loc.gov/MARC21/slim"><record><leader>00328nam--2200121-i-4500</leader><controlfield tag="001">000041744</controlfield><controlfield tag="002">20161230</controlfield><controlfield tag="005">20161230201043</controlfield><controlfield tag="008">060222s1000------------r-----000-0-eng-d</controlfield><datafield ind1=" " ind2=" " tag="100"><subfield code="a">Siskind,Charles S</subfield></datafield><datafield ind1=" " ind2=" " tag="245"><subfield code="a">Electrical circuits. direct and alternating current</subfield></datafield><datafield ind1=" " ind2=" " tag="260"><subfield code="a">New York, Mcgraw, 1956. X+516 P. + Fig</subfield></datafield><datafield ind1=" " ind2=" " tag="852"><subfield code="a">12057</subfield></datafield></record></collection>